<record><leader>00000nas a2200000 i 4500</leader><controlfield tag="001">907784588</controlfield><controlfield tag="006">m     o  d        </controlfield><controlfield tag="007">cr |||||||||||</controlfield><controlfield tag="008">150422d18941904mtuwr neo     0   a0eng  </controlfield><datafield ind1=" " ind2=" " tag="010"><subfield code="a">  2015218691</subfield></datafield><datafield ind1=" " ind2=" " tag="040"><subfield code="a">DLC</subfield><subfield code="b">eng</subfield><subfield code="e">rda</subfield><subfield code="c">DLC</subfield></datafield><datafield ind1="0" ind2=" " tag="022"><subfield code="a">2378-6930</subfield><subfield code="2">1</subfield></datafield><datafield ind1=" " ind2=" " tag="042"><subfield code="a">pcc</subfield><subfield code="a">nsdp</subfield></datafield><datafield ind1=" " ind2=" " tag="043"><subfield code="a">n-us-mt</subfield></datafield><datafield ind1="1" ind2="0" tag="050"><subfield code="a">ISSN RECORD</subfield></datafield><datafield ind1="0" ind2="0" tag="082"><subfield code="a">071</subfield><subfield code="2">23</subfield></datafield><datafield ind1=" " ind2="4" tag="222"><subfield code="a">The Dupuyer acantha</subfield><subfield code="b">(Online)</subfield></datafield><datafield ind1="0" ind2="4" tag="245"><subfield code="a">The Dupuyer acantha.</subfield></datafield><datafield ind1="1" ind2=" " tag="246"><subfield code="i">Issues for October 10-November 2, 1896, except October, 15, 22 and 29, have title:</subfield><subfield code="a">Acantha</subfield></datafield><datafield ind1=" " ind2="1" tag="264"><subfield code="a">Dupuyer, Teton County, Mont. :</subfield><subfield code="b">England &amp; Wright,</subfield><subfield code="c">1894-</subfield></datafield><datafield ind1=" " ind2=" " tag="300"><subfield code="a">1 online resource</subfield></datafield><datafield ind1=" " ind2=" " tag="310"><subfield code="a">Weekly</subfield></datafield><datafield ind1=" " ind2=" " tag="336"><subfield code="a">text</subfield><subfield code="b">txt</subfield><subfield code="2">rdacontent</subfield></datafield><datafield ind1=" " ind2=" " tag="337"><subfield code="a">computer</subfield><subfield code="b">c</subfield><subfield code="2">rdamedia</subfield></datafield><datafield ind1=" " ind2=" " tag="338"><subfield code="a">online resource</subfield><subfield code="b">cr</subfield><subfield code="2">rdacarrier</subfield></datafield><datafield ind1="1" ind2=" " tag="362"><subfield code="a">Began with vol. 1, no. 1 (Sept. 15, 1894); v. 10, no. 28 (Mar. 17, 1904).</subfield></datafield><datafield ind1=" " ind2=" " tag="500"><subfield code="a">"The Acantha is independent politically," Sept. 15, 1894-Feb. 2, 1895; "a Republican newspaper," Feb. 9, 1895-Mar. 17, 1904.</subfield></datafield><datafield ind1=" " ind2=" " tag="500"><subfield code="a">Published daily during 1896 election (Oct. 9-Nov. 2).</subfield></datafield><datafield ind1=" " ind2=" " tag="500"><subfield code="a">Publisher: Geo. W. Magee, &lt;December 26, 1901&gt;.</subfield></datafield><datafield ind1=" " ind2=" " tag="500"><subfield code="a">"Official paper of Teton County," 1899/1900, 1902/1903, 1904.</subfield></datafield><datafield ind1=" " ind2=" " tag="515"><subfield code="a">The enumeration reverts to Volume 3, no. 2 with the October 10, 1896 issue and continues consecutively until the November 5th, 1896 issue which then resumes the numbering of the weekly with Vol. 3, no. 9, inclusive of  the October 15, 22 and 29 issues.</subfield></datafield><datafield ind1=" " ind2=" " tag="588"><subfield code="a">Description based on: Vol. 1, no. 1 (Sept. 15, 1894); title from masthead (Chroniclingamerica.loc.gov, viewed April 22, 2015).</subfield></datafield><datafield ind1=" " ind2=" " tag="588"><subfield code="a">Lateest issue consulted: Vol. 8, no. 16 (December, 26, 1901) (Chroniclingamerica.loc.gov, viewed April 22, 2015).</subfield></datafield><datafield ind1=" " ind2="0" tag="651"><subfield code="a">Dupuyer (Mont.)</subfield><subfield code="v">Newspapers.</subfield></datafield><datafield ind1=" " ind2="7" tag="651"><subfield code="a">Montana</subfield><subfield code="z">Dupuyer.</subfield><subfield code="2">fast</subfield><subfield code="0">(OCoLC)fst01204429</subfield></datafield><datafield ind1=" " ind2="7" tag="655"><subfield code="a">Newspapers.</subfield><subfield code="2">fast</subfield><subfield code="0">(OCoLC)fst01423814</subfield></datafield><datafield ind1=" " ind2=" " tag="752"><subfield code="a">United States</subfield><subfield code="b">Montana</subfield><subfield code="c">Pondera</subfield><subfield code="d">Dupuyer.</subfield></datafield><datafield ind1="0" ind2="8" tag="776"><subfield code="i">Orginally issued in print:</subfield><subfield code="t">Dupuyer acantha</subfield><subfield code="x">2378-6922</subfield><subfield code="w">(DLC)  2015218691</subfield><subfield code="w">(OCoLC)11435566</subfield></datafield><datafield ind1="4" ind2="0" tag="856"><subfield code="u">http://www.loc.gov/chroniclingamerica/lccn/sn84036266/issues</subfield></datafield></record>